@article{suzuki1985topological,
  title={Topological structural analysis of digitized binary images by border following},
  author={Suzuki, Satoshi and Abe, Keiichi},
  journal={Computer vision, graphics, and image processing},
  volume={30},
  number={1},
  pages={32--46},
  year={1985},
  publisher={Elsevier}
}

@article{otsu1979threshold,
  title={A threshold selection method from gray-level histograms},
  author={Otsu, Nobuyuki},
  journal={IEEE transactions on systems, man, and cybernetics},
  volume={9},
  number={1},
  pages={62--66},
  year={1979},
  publisher={IEEE}
}

@book{szeliski2010computer,
  title={Computer vision: algorithms and applications},
  author={Szeliski, Richard},
  year={2010},
  publisher={Springer Science \& Business Media}
}

@article{duda1972use,
  title={Use of the Hough transformation to detect lines and curves in pictures},
  author={Duda, Richard O and Hart, Peter E},
  journal={Communications of the ACM},
  volume={15},
  number={1},
  pages={11--15},
  year={1972},
  publisher={ACM New York, NY, USA}
}

@book{serra1982image,
  title={Image analysis and mathematical morphology},
  author={Serra, Jean},
  year={1982},
  publisher={Academic press}
}

@misc{opencv,
  author = {Bradski, G.},
  title = {The OpenCV Library},
  year = {2000},
  howpublished = {Dr. Dobb's Journal of Software Tools}
}

@misc{karpathy_micrograd,
  author = {Karpathy, Andrej},
  title = {micrograd: A tiny scalar-valued autograd engine and a neural net library on top of it with PyTorch-like API},
  year = {2022},
  publisher = {GitHub},
  journal = {GitHub repository},
  howpublished = {\url{https://github.com/karpathy/micrograd}}
}

@inproceedings{bridle1990training,
  title={Training stochastic model recognition algorithms as networks can lead to maximum mutual information estimation of parameters},
  author={Bridle, John S},
  booktitle={Advances in neural information processing systems},
  volume={2},
  year={1990}
}
